110081020400014388531501191501252000000003458279783ARIADNA SOFTWARE S.L         
22    0901150119150119032271000000000136200000000000G4610253900033001331102009  
2301CARGO RECIBO FEMEVAL                                                        
22    0901150119150119032271000000000456270000000000B84443985000M06730          
2301CARGO RECIBO ESPRINET IBERICA S.L.U.                                        
22    0204150119150119040132000000003300000000000000000000000000                
2301REM. CHEQUES AJENOS                                                         
22    0901150119150119040161000000000209520000000000000917542026                
2301TRANSFERENC. A                               INGRAM MICRO                   
22    0901150120150120032271000000000303080000000000B84443985000M06730          
2301CARGO RECIBO ESPRINET IBERICA SL                                            
22    0901150120150120150302000000003575550000000000010000009271BSCHESMMCT120150
2301NOMINA EULER POMPAK S.L.                                                    
22    0901150120150120061012000000000964720000000000000000000001                
2301REM. RECIBOS Ariadna Software, S.L.                                         
22    0901150120150120170011000000000003600000000000000000000001                
2301COMISIONES .                                                                
22    0901150120150120174481000000000000760000000000000000000001                
2301IMP COMISION .                                                              
22    0204150120150120150381000000003407050000000000000000000000                
2301IMPUESTOS                                                                   
22    0901150121150121030731000000000012090000000000B85049435ZZZ0160000054183   
2301TELECOM. 1y1 Internet Espana S.L.U                                          
22    0901150121150121030731000000000072590000000000B85049435ZZZ0160000203761   
2301TELECOM. 1y1 Internet Espana S.L.U                                          
22    0901150121150121030731000000000100470000000000A62186556100004331673-1     
2301TELECOM. CABLEUROPA, S.A.U. ONOVA15-000029277                               
22    0901150121150121040161000000000544500000000000000000000000                
2301TRANSFERENC. A RAUL MARTINEZ MARIN                                          
22    0901150122150122030731000000000042340000000000B85049435ZZZ0160000217450   
2301TELECOM. 1y1 Internet Espana S.L.U                                          
22    0901150123150123032271000000000020570000000000B15861917001000000000670    
2301CARGO RECIBO ALCATRAZ SOLUTIONS, S.L.                                       
22    0901150123150123030731000000000015720000000000B85049435ZZZ0160000221996   
2301TELECOM. 1y1 Internet Espana S.L.U                                          
3300810204000143885300014000000005324760000300000000784027200000000597378978    
88999999999999999999000036                                                      
